<?xml version="1.0" encoding="UTF-8"?>
<record xmlns="http://www.loc.gov/MARC21/slim">
   <leader>02655cas a2200577 a 4500</leader>
   <controlfield tag="001">2270343</controlfield>
   <controlfield tag="005">19950707131709.0</controlfield>
   <controlfield tag="008">801002d19uu199uabcbr4p      s0   a0eng d</controlfield>
   <datafield tag="010" ind1=" " ind2=" ">
      <subfield code="a">cn 80081499</subfield>
   </datafield>
   <datafield tag="022" ind1="0" ind2=" ">
      <subfield code="a">0228-1090</subfield>
   </datafield>
   <datafield tag="035" ind1=" " ind2=" ">
      <subfield code="a">ocm06777649</subfield>
   </datafield>
   <datafield tag="040" ind1=" " ind2=" ">
      <subfield code="a">CaOONL</subfield>
      <subfield code="b">eng</subfield>
      <subfield code="c">CaOONL</subfield>
      <subfield code="d">AEEN</subfield>
      <subfield code="d">AEU</subfield>
   </datafield>
   <datafield tag="042" ind1=" " ind2=" ">
      <subfield code="a">nlc</subfield>
      <subfield code="a">isds/c</subfield>
   </datafield>
   <datafield tag="043" ind1=" " ind2=" ">
      <subfield code="a">n-cn-ab</subfield>
   </datafield>
   <datafield tag="082" ind1=" " ind2=" ">
      <subfield code="a">630/.607123</subfield>
   </datafield>
   <datafield tag="090" ind1=" " ind2=" ">
      <subfield code="a">SHELVED BY TITLE</subfield>
      <subfield code="b">AEEN</subfield>
   </datafield>
   <datafield tag="090" ind1=" " ind2=" ">
      <subfield code="a">S 135 A377</subfield>
      <subfield code="b">AEU</subfield>
   </datafield>
   <datafield tag="210" ind1="0" ind2=" ">
      <subfield code="a">Agric. soc. newsl.</subfield>
   </datafield>
   <datafield tag="222" ind1=" " ind2="0">
      <subfield code="a">Agricultural societies newsletter</subfield>
   </datafield>
   <datafield tag="240" ind1="0" ind2="0">
      <subfield code="a">Agricultural societies newsletter./ </subfield>
   </datafield>
   <datafield tag="245" ind1="0" ind2="0">
      <subfield code="a">Agricultural societies newsletter 1980</subfield>
   </datafield>
   <datafield tag="260" ind1=" " ind2=" ">
      <subfield code="a">Edmonton, Alta. :</subfield>
      <subfield code="b">Alberta Agriculture, Farm Development Division.</subfield>
   </datafield>
   <datafield tag="300" ind1=" " ind2=" ">
      <subfield code="a">v. :</subfield>
      <subfield code="b">ill. ;</subfield>
      <subfield code="c">28 cm.</subfield>
   </datafield>
   <datafield tag="310" ind1=" " ind2=" ">
      <subfield code="a">Four no. a year,</subfield>
      <subfield code="b">1992-</subfield>
   </datafield>
   <datafield tag="321" ind1=" " ind2=" ">
      <subfield code="a">Three no. a year,</subfield>
      <subfield code="b">1989-1991</subfield>
   </datafield>
   <datafield tag="321" ind1=" " ind2=" ">
      <subfield code="a">Six no. a year,</subfield>
      <subfield code="b">1988</subfield>
   </datafield>
   <datafield tag="321" ind1=" " ind2=" ">
      <subfield code="a">Five no. a year,</subfield>
      <subfield code="b">1987</subfield>
   </datafield>
   <datafield tag="321" ind1=" " ind2=" ">
      <subfield code="a">Six no. a year,</subfield>
      <subfield code="b">1985-1986</subfield>
   </datafield>
   <datafield tag="321" ind1=" " ind2=" ">
      <subfield code="a">Five no. a year,</subfield>
      <subfield code="b">1984</subfield>
   </datafield>
   <datafield tag="321" ind1=" " ind2=" ">
      <subfield code="a">Six no. a year,</subfield>
      <subfield code="b">1983</subfield>
   </datafield>
   <datafield tag="321" ind1=" " ind2=" ">
      <subfield code="a">Four no. a year,</subfield>
      <subfield code="b">1982</subfield>
   </datafield>
   <datafield tag="321" ind1=" " ind2=" ">
      <subfield code="a">Three no. a year,</subfield>
      <subfield code="b">1981</subfield>
   </datafield>
   <datafield tag="500" ind1=" " ind2=" ">
      <subfield code="a">December issues from 1983-1985,1987-1988 &amp; 1990-1992 have a one-page Christmas staff greeting stapled on cover (with either a re-worked version of a well-known Christmas verse or personal messages from Alberta Agriculture staff).</subfield>
   </datafield>
   <datafield tag="515" ind1=" " ind2=" ">
      <subfield code="a">Issue for Sept./Oct. 1980 misnumbered as: Vol. 5, no. 8.</subfield>
   </datafield>
   <datafield tag="515" ind1=" " ind2=" ">
      <subfield code="a">Volume and issue numbering (starting with vol. 1, no. 1) commences with June 1981 issue and ceases with vol. 4, no. 4 (July 1983).</subfield>
   </datafield>
   <datafield tag="515" ind1=" " ind2=" ">
      <subfield code="a">Issues for 1981 are numbered: Vol. 1, no. 1 (June 1981), vol. 2, no. 2 (Sept. 1981), and vol. 2, no. 3 (Oct. 1981).</subfield>
   </datafield>
   <datafield tag="515" ind1=" " ind2=" ">
      <subfield code="a">Issues for July, August and September 1981 combined into: Vol. 2, no. 2 (Sept. 1981).</subfield>
   </datafield>
   <datafield tag="515" ind1=" " ind2=" ">
      <subfield code="a">Some issues lack month and year designation.</subfield>
   </datafield>
   <datafield tag="550" ind1=" " ind2=" ">
      <subfield code="a">Issued 1977? by the Farm Development Division; 1980-Aug.1986 by Engineering and Rural Services Division; Oct.1986-199? by Rural Services Division.</subfield>
   </datafield>
   <datafield tag="588" ind1=" " ind2=" ">
      <subfield code="a">Description based on: July 1977.</subfield>
   </datafield>
   <datafield tag="588" ind1=" " ind2=" ">
      <subfield code="a">Latest issue consulted: Spring 1994.</subfield>
   </datafield>
   <datafield tag="596" ind1=" " ind2=" ">
      <subfield code="a">2 38</subfield>
   </datafield>
   <datafield tag="650" ind1=" " ind2="0">
      <subfield code="a">Agriculture</subfield>
      <subfield code="z">Alberta</subfield>
      <subfield code="v">Periodicals.</subfield>
   </datafield>
   <datafield tag="710" ind1="1" ind2=" ">
      <subfield code="a">Alberta.</subfield>
      <subfield code="b">Farm Development Division.</subfield>
   </datafield>
   <datafield tag="710" ind1="1" ind2=" ">
      <subfield code="a">Alberta.</subfield>
      <subfield code="b">Engineering and Rural Services Division.</subfield>
   </datafield>
   <datafield tag="710" ind1="1" ind2=" ">
      <subfield code="a">Alberta.</subfield>
      <subfield code="b">Rural Services Division.</subfield>
   </datafield>
   <datafield tag="785" ind1="0" ind2="0">
      <subfield code="t">Ag society news.</subfield>
   </datafield>
   <datafield tag="926" ind1=" " ind2=" ">
      <subfield code="a">AGL_CAP</subfield>
      <subfield code="b">PERIODICAL</subfield>
      <subfield code="c">SHELVED BY TITLE</subfield>
      <subfield code="d">PERIODICAL</subfield>
      <subfield code="f">1</subfield>
   </datafield>
   <datafield tag="926" ind1=" " ind2=" ">
      <subfield code="a">UABARD</subfield>
      <subfield code="b">ON_SHELF</subfield>
      <subfield code="c">Library has holdings</subfield>
      <subfield code="d">PERIODICAL</subfield>
      <subfield code="f">1</subfield>
   </datafield>
   <datafield tag="927" ind1=" " ind2=" ">
      <subfield code="a">UABARD</subfield>
   </datafield>
   <datafield tag="927" ind1=" " ind2=" ">
      <subfield code="b">Location</subfield>
      <subfield code="c">ON_SHELF-- S 135 A377</subfield>
   </datafield>
   <datafield tag="927" ind1=" " ind2=" ">
      <subfield code="b">Library has</subfield>
      <subfield code="c">1977,1979-1980; v.1(1981)-v.4(1983); Sept. 1983-Spring 1994 Incomplete? : 1977,1979-1980</subfield>
   </datafield>
</record>
